@inproceedings{ref:Stam99,
 author = {Stam, Jos},
 title = {Diffraction shaders},
 booktitle = {Proceedings of the 26th annual conference on Computer graphics and interactive techniques},
 series = {SIGGRAPH '99},
 year = {1999},
 isbn = {0-201-48560-5},
 pages = {101--110},
 numpages = {10},
 url = {http://dx.doi.org/10.1145/311535.311546},
 doi = {10.1145/311535.311546},
 acmid = {311546},
 publisher = {ACM Press/Addison-Wesley Publishing Co.},
 address = {New York, NY, USA},
 keywords = {Fourier transform, Kirchoff theory, diffraction, random processes, rough surface scattering, shading models},
} 

@inproceedings{ref:Moravec81,
  title={3D graphics and the wave theory},
  author={Moravec, Hans P},
  booktitle={ACM SIGGRAPH Computer Graphics},
  volume={15},
  number={3},
  pages={289--296},
  year={1981},
  organization={ACM}
}

@inproceedings{ref:Kajiya86,
  title={The rendering equation},
  author={Kajiya, James T},
  booktitle={ACM SIGGRAPH Computer Graphics},
  volume={20},
  number={4},
  pages={143--150},
  year={1986},
  organization={ACM}
}

@inproceedings{ref:Hirayama00,
 author = {Hirayama, H and Yamaji, Y and Kaneda, K and Yamashita, H and Monden, Y},
 title = {Rendering Iridescent Colors Appearing on Natural Objects},
 booktitle = {Proceedings of the Eighth Pacific Conference on Computer Graphics and Applications 2000},
 year = {2000},
 isbn = {0-7695-0868-5},
 pages = {15--22},
} 

@inproceedings{ref:Agu02,
 author = {Agu, Emmanuel and Hill Jr., Francis S.},
 title = {Diffraction Shading Models for Iridescent Surfaces},
 booktitle = {Proceedings of IASTED VIIP},
 year = {2002},
} 

@inproceedings{ref:Sun00,
 author = {Sun, Y and Fracchia, F. D and Drew, M. S. and Calvert, T. W.},
 title = {Rendering iridescent colors of optical disks},
 booktitle = {Proceedings of Rendering Techniques '00},
 pages = "341--352",
 publisher = "Springer Verlag",
 year = {2000},
} 

@inproceedings{ref:Musgrave89,
  title={Prisms and rainbows: a dispersion model for computer graphics},
  author={Musgrave, F Kenton},
  booktitle={Proc. of Graphics Interface},
  volume={89},
  pages={227--234},
  year={1989}
}

@article{ref:Cuypers12,
 author = {Cuypers, Tom and Haber, Tom and Bekaert, Philippe and Oh, Se Baek and Raskar, Ramesh},
 title = {Reflectance model for diffraction},
 journal = {ACM Trans. Graph.},
 issue_date = {August 2012},
 volume = {31},
 number = {5},
 month = sep,
 year = {2012},
 issn = {0730-0301},
 pages = {122:1--122:11},
 articleno = {122},
 numpages = {11},
 url = {http://doi.acm.org/10.1145/2231816.2231820},
 doi = {10.1145/2231816.2231820},
 acmid = {2231820},
 publisher = {ACM},
 address = {New York, NY, USA},
 keywords = {Simulating natural phenomena, Wigner distribution function, diffraction, interference, wave effects, wave optics},
} 

@article{
   ref:Musbach13,
   title = "Full Wave Modeling of Light Propagation and Reflection",
   author = "Musbach, A and Meyer, G. W. and Reitich, F. and Oh, S. H.",
   journal = "Computer Graphics Forum",
   volume = "32",
   number = "6",
   pages = "24--37",
   year = "2013",
}


@article{
   ref:AdabalaA03,
   title = "Visualization of woven cloth",
   author = "Adabala, N. and Magnenat-Thalmann, N. and Fei, G.",
   journal = "In Proceedings of the 14th Eurographics Workshop on Rendering (ACM International Conference Proceeding Series)",
   year = "2003",
   volume = "44",
   pages = "178--185"
}

@article{
   ref:AdabalaB03,
   title = "Real-time rendering of woven clothes",
   author = "Adabala, N. and Magnenat-Thalmann, N. and Fei, G.",
   journal = "In Proceedings of the ACM Symposium on Virtual Reality Software and Technology",
   year = "2003",
   pages = "41--47"
}

@article{
   ref:Ashikhmin00,
   title = "A microfacet-based BRDF generator",
   author = "Ashikhmin, M. and Premoze, S. and Shirley, P.",
   journal = "In Proceedings of ACM SIGGRAPH 2000",
   year = "2000",
   pages = "65--74"
}

@article{
   ref:Ashikhmin02,
   title = "An anisotropic Phong BRDF model",
   author = "Ashikhmin, M. and Shirley, P.",
   journal = "Journal of Graphics Tools",
   year = "2002",
   volume = "5",
   number = "2",
   pages = "25--32"
}

@article{
   ref:Blinn76,
   title = "Texture and reflection in computer generated images",
   author = "Blinn, J. and Newell, M.",
   journal = "Communication of ACM",
   year = "1976",
   volume = "19",
   number = "10",
   pages = "542--547"
}


@article{
   ref:Blinn77,   
   title = "Models of light reflection for computer synthesized pictures",
   author = "Blinn, J.",
   journal = "Proceedings of the 4th annual conference on Computer graphics and interactive techniques",
   year = "1977",
   pages="192--198"
}

@article{
   ref:Cook81,
   title = "A reflectance model for computer graphics",
   author = "Cook, R. L. and Torrance, K. E.",
   journal = "Computer Graphics (ACM Siggraph '81 Conference Proceedings)",
   year = "1981",
   volume = "15",
   number = "3",
   pages = "307--316"
}

@article{
   ref:Dana99,
   title = "Reflectance and texture of real-world surfaces",
   author = "Dana, K. J. and Nayar, S. K. and Van Ginneken, B. and Koenderink, J. J.",
   journal = "ACM Transactions on Graphics",
   year = "1999",
   volume = "18",
   number = "1",
   pages = "1--34"
}

@article{
   ref:Daubert01,
   title = "Effcient cloth modeling and rendering",
   author = "Daubert, K. and Lensch, H. P. A. and Heindrich, W. and Seidel, H.-P.",
   journal = "In Rendering Techniques 2001: Proc. 12th Eurographics Workshop on Rendering",
   year = "2001",
   pages = "63--70"
}

@article{
   ref:Daubert02,
   title = "Hardwarebased volumetric knitwear",
   author = "Daubert, K. and Seidel, H.-P.",
   journal = "Computer Graphics Forum (Eurographics 2002 Proceedings)",
   year = "2002",
   volume = "21",
   pages = "575--584"
}

@article{
   ref:Doggett00,
   author = "Doggett, M. and Hirche, J.",
   title = "Adaptive view dependent tessellation of displacement maps",
   journal = "In Proceedings of the ACM Siggraph/Eurographics workshop on Graphics hardware",
   pages="59--66",
   year = "2000",
}

@article{
   ref:Groeller95,
   title = "Modeling and visualization of knitwear",
   author = "Gr{\"{o}}ller, E. and Rau, R. and Strasser, W.",
   journal = "In IEEE Transactions on Visualization and Compute Graphics",
   year = "1995",
   pages = "302--310"
}

@article{
   ref:Groeller96,
   title = "Modeling textile as three dimensional texture",
   author = "Gr{\"{o}}ller, E. and Rau, R. and Strasser, W.",
   journal = "In Rendering Techniques 1996: Proc. 7th Eurographics Workshop on Rendering",
   year = "1996",
   pages = "205--214"
}

@article{
   ref:Heidrich99,
   author = "Heidrich, W. and Seidel, H.-P.",
   title = "Realistic, hardware-accelerated shading and lighting",
   journal = "In Proceedings of the 26th Annual Conference on Computer Graphics and Interactive Techniques",
   pages="171--178",
   year = "1999",
}

@article{
   ref:Krishnamurthy96,
   author = "Krishnamurthy, V. and Levoy, M.",
   title = "Fitting smooth surfaces to dense polygon meshes",
   journal = "In Proceedings of the 23rd Annual Conference on Computer Graphics and Interactive Techniques",
   pages="313--324",
   year = "1996",
}


@article{
   ref:Lawrence06,
   title = "Inverse shade trees for non-parametric material representation and editing",
   author = "Lawrence, J. and Ben-Artzi, A. and Decoro, C. and Matusik, W. and Pfister, H. and Ramamoorthi, R. and Rusinkiewicz, S.",
   journal = "ACM Transactions on Graphics",
   year = "2006",
   volume = "25",
   number = "3",
   pages = "735--745"
}

@article{
   ref:Lee00,
   author = "Lee, A. and Moreton, H. and Hoppe, H.",
   title = "Displaced subdivision surfaces",
   journal = "In Proceedings of the 27th Annual Conference on Computer Graphics and Interactive Techniques",
   pages="85--94",
   year = "2000",
}

@article{
   ref:McAllister02,
   title = "Efficient rendering of spatial bi-directional reflectance distribution functions",
   author = "McAllister, D. K. and Lastra, A. A. and Heidrich, W.",
   journal = "In Proceedings of the 17th Eurographics/ SIGGRAPH workshop on graphics hardware (EGGH-02)",
   year = "2002",
   pages = "79--88"
}

@article{
   ref:Meissner98,
   title = "The art of knitted fabrics, realistic and physically based modeling of knitted patterns",
   author = "Meissner, M. and Eberhardt, B.",
   journal = "Computer Graphics Forum (Eurographics 1998 Proceedings)",
   year = "1998",
   pages = "355--362"
}

@article{
   ref:Perlin85,
   title = "An image synthesizer",
   author = "Perlin, K.",
   journal = "Computer Graphics (SIGGRAPH '85 Proceedings)",
   year = "1985",
   volume = "19",
   pages = "287--296"
}

@inproceedings{
   ref:Pharr04,
   author = "Pharr, M. and Humphreys, G.",
   booktitle = "Physically-based Rendering",
   location = "San Francisco, California",
   publisher = "Elsevier (Morgan Kaufman Publishers)",
   year = "2004",
}

@article{
   ref:Poulin90,
   author = "Poulin, M. and Founier, A.",
   title = "A model for anisotropic reflection",
   journal = "Computer Graphics (ACM Siggraph '90 Conference Proceedings)",
   volume = "23",
   number = "4",
   pages="273--282",
   year = "1990",
}

@article{
   ref:Roger06,
   title = "Accurate Specular Reflections in Real-Time",
   author = "Roger, D and Holzschuh, N.",
   journal = "Computer Graphics Forum",
   volume = "25",
   number = "3",
   year = "2006",
   pages ="293--302",
}

@article{
   ref:Rushmeier97,
   author = "Rushmeier, H. and Taubin, G. and Gueziec, A.",
   title = "Applying shapes from lighting variation to bump map capture",
   journal = "In Proceedings of Eurographics Rendering Workshop '97",
   pages="35--44",
   year = "1997",
}


@article{
   ref:Sattler03,
   title = "Efficient and realistic visualization of cloth",
   author = "Sattler, M. and Sarlette, R. and Klein, R.",
   journal = "EGRW '03: Proceedings of the 14th Eurographics workshop on Rendering",
   year = "2003",
   pages = "167--177"
}

@article{
   ref:Schilick93,
   author = "Schilick, C.",
   title = "A customizable reflectance model for everyday rendering",
   journal = "In Proceedings of the 4th Eurographics Workshop on Rendering",
   pages="73--84",
   year = "1993",
}

@article{
   ref:Sloan00,
   title = "Interactive horizon mapping",
   author = "Sloan, P.-P. and Cohen, M. F.",
   journal = "In Proceedings of the Eurographics Workshop on Rendering Techniques 2000",
   year = "2000",
   pages = "281--286"
}


@article{
   ref:Szirmay09,
   title = "Specular Effects on the GPU: State of the Art",
   author = "Szirmay-Kalos, L and Umenhoffer, T. and Patow, Gustavo and Szecsi, L. and Sbert, M",
   journal = "Computer Graphics Forum",
   volume = "28",
   number = "6",
   year = "2009",
   pages ="1586--1617",
}


@article{
   ref:Torrance67,
   title = "Theory for off-specular reflection from roughened surfaces",
   author = "Torrance, K. E. and Sparrow, E. M.",
   journal = "Journal of Optical Society of America",
   year = "1967",
   volume = "57",
   number = "9",
}

@article{
   ref:Ward92,
   author = "Ward, G.",
   title = "Measuring and modeling anisotropic reflection",
   journal = "Computer Graphics (ACM Siggraph '92 Conference Proceedings)",
   volume = "26",
   number = "2",
   pages="265--272",
   year = "1992",
}

@article{
   ref:Wang08,
   title = "Modeling anisotropic surface reflectance with example-based microfacet synthesis",
   author = "Wang J. and Zhao S. and Tong X. and Synder J. and Guo B.",
   journal = "ACM Transactions on Graphics (SIGGRAPH 2008)",
   year = "2008",
   volume = "27",
   number = "3",
   pages = "41:1--41:9"
}

@article{
   ref:Wang09,
   author = "Wang, J. and Ren, P. and Gong, M. and Snyder, J. and Guo, B.",
   title = "All-frequency rendering of dynamic, spatially-varying reflectance",
   journal = "In Proceedings of ACM Siggraph Asia 2009",
   pages="1--10",
   year = "2009",
}

@article{
   ref:Xu01,
   title = "Photorealistic rendering of knitwear using the lumislice",
   author = "Xu, Y. and Lin, Y. C. S. and Zhong, H. and Wu, E. and Guo, B. and Shum, H.",
   journal = "In Proceedings of SIGGRAPH 2001",
   year = "2001",
   pages = "391--398"
}

@article{
   ref:Yasuda92,
   title = "A Shading model for cloth objects",
   author = "Yasuda, T. and Yokoi S. and Toriwaki J. and Inagaki K.",
   journal = "IEEE Computer Graphics and Applications",
   year = "1992",
   volume = "12",
   number = "6",
   pages = "15--24"
}

@article{
   ref:Zinke07,
   title = "Light Scattering from Filaments",
   author = "Zinke, A. and Weber, A.",
   journal = "IEEE Transactions on Visualization and Computer Graphics",
   year = "2007",
   volume = "13",
   number = "2",
   pages = "342--356"
}


///////////////


